<record><leader>00000cas a22000007a 4500</leader><controlfield tag="001">10405858</controlfield><controlfield tag="008">840211d18751879ohuwr ne      0    0eng d</controlfield><datafield ind1=" " ind2=" " tag="010"><subfield code="a">sn 84028074 </subfield></datafield><datafield ind1=" " ind2=" " tag="040"><subfield code="a">NPY</subfield><subfield code="b">eng</subfield><subfield code="c">NPY</subfield><subfield code="d">ONP</subfield><subfield code="d">OCLCQ</subfield><subfield code="d">OCLCO</subfield></datafield><datafield ind1="1" ind2=" " tag="029"><subfield code="a">AU@</subfield><subfield code="b">000020416369</subfield></datafield><datafield ind1=" " ind2=" " tag="042"><subfield code="a">msc</subfield></datafield><datafield ind1=" " ind2=" " tag="043"><subfield code="a">n-us-oh</subfield></datafield><datafield ind1="0" ind2="4" tag="245"><subfield code="a">The Amherst free press.</subfield></datafield><datafield ind1=" " ind2=" " tag="260"><subfield code="a">Amherst, Ohio :</subfield><subfield code="b">F.M. Lewis,</subfield><subfield code="c">1875-1879.</subfield></datafield><datafield ind1=" " ind2=" " tag="300"><subfield code="a">v.</subfield></datafield><datafield ind1=" " ind2=" " tag="310"><subfield code="a">Weekly</subfield></datafield><datafield ind1="0" ind2=" " tag="362"><subfield code="a">Vol. 1, no. 1 (July 31, 1875)-old ser., v. 6, no. 50 (June 27, 1879).</subfield></datafield><datafield ind1=" " ind2="0" tag="651"><subfield code="a">Amherst (Ohio)</subfield><subfield code="v">Newspapers.</subfield></datafield><datafield ind1=" " ind2="0" tag="651"><subfield code="a">North Amherst (Ohio)</subfield><subfield code="v">Newspapers.</subfield></datafield><datafield ind1=" " ind2="0" tag="651"><subfield code="a">Lorain County (Ohio)</subfield><subfield code="v">Newspapers.</subfield></datafield><datafield ind1=" " ind2=" " tag="752"><subfield code="a">United States</subfield><subfield code="b">Ohio</subfield><subfield code="c">Lorain</subfield><subfield code="d">Amherst.</subfield></datafield><datafield ind1="0" ind2="0" tag="780"><subfield code="t">Riverside echo (Wakeman, Ohio)</subfield><subfield code="w">(DLC)sn 84028430</subfield></datafield><datafield ind1="0" ind2="4" tag="785"><subfield code="t">Oberlin weekly news</subfield><subfield code="w">(DLC)sn 84028323</subfield></datafield></record>